@book{macwilliams1977theory,
  title={The theory of error-correcting codes},
  author={MacWilliams, Florence Jessie and Sloane, Neil James Alexander},
  volume={16},
  year={1977},
  publisher={Elsevier}
}


@inproceedings{guo2016high,
  title={High-density image storage using approximate memory cells},
  author={Guo, Qing and Strauss, Karin and Ceze, Luis and Malvar, Henrique S},
  booktitle={ACM SIGPLAN Notices},
  volume={51},
  number={4},
  pages={413--426},
  year={2016},
  organization={ACM}
}

@article{wiegand2003overview,
  title={Overview of the H. 264/AVC video coding standard},
  author={Wiegand, Thomas and Sullivan, Gary J and Bjontegaard, Gisle and Luthra, Ajay},
  journal={IEEE Transactions on circuits and systems for video technology},
  volume={13},
  number={7},
  pages={560--576},
  year={2003}
}

@article{schwarz2007overview,
  title={Overview of the scalable video coding extension of the H. 264/AVC standard},
  author={Schwarz, Heiko and Marpe, Detlev and Wiegand, Thomas},
  journal={To appear in IEEE Transactions on Circuits and Systems for Video Technology},
  pages={1},
  year={2007}
}

@book{richardson2011h,
  title={The H. 264 advanced video compression standard},
  author={Richardson, Iain E},
  year={2011},
  publisher={John Wiley \& Sons}
}

@article{didyk2013joint,
  title={Joint view expansion and filtering for automultiscopic 3D displays},
  author={Didyk, Piotr and Sitthi-Amorn, Pitchaya and Freeman, William and Durand, Fr{\'e}do and Matusik, Wojciech},
  journal={ACM Transactions on Graphics (TOG)},
  volume={32},
  number={6},
  pages={221},
  year={2013},
  publisher={ACM}
}

@article{wadhwa2013phase,
  title={Phase-based video motion processing},
  author={Wadhwa, Neal and Rubinstein, Michael and Durand, Fr{\'e}do and Freeman, William T},
  journal={ACM Transactions on Graphics (TOG)},
  volume={32},
  number={4},
  pages={80},
  year={2013},
  publisher={ACM}
}



@article{van2017frame,
  title={Frame interpolation with multi-scale deep loss functions and generative adversarial networks},
  author={van Amersfoort, Joost and Shi, Wenzhe and Acosta, Alejandro and Massa, Francisco and Totz, Johannes and Wang, Zehan and Caballero, Jose},
  journal={arXiv preprint arXiv:1711.06045},
  year={2017}
}

@inproceedings{dosovitskiy2015flownet,
  title={Flownet: Learning optical flow with convolutional networks},
  author={Dosovitskiy, Alexey and Fischer, Philipp and Ilg, Eddy and Hausser, Philip and Hazirbas, Caner and Golkov, Vladimir and Van Der Smagt, Patrick and Cremers, Daniel and Brox, Thomas},
  booktitle={Proceedings of the IEEE international conference on computer vision},
  pages={2758--2766},
  year={2015}
}

@inproceedings{ilg2017flownet,
  title={Flownet 2.0: Evolution of optical flow estimation with deep networks},
  author={Ilg, Eddy and Mayer, Nikolaus and Saikia, Tonmoy and Keuper, Margret and Dosovitskiy, Alexey and Brox, Thomas},
  booktitle={Proceedings of the IEEE Conference on Computer Vision and Pattern Recognition},
  pages={2462--2470},
  year={2017}
}

@inproceedings{plank2004practical,
  title={A practical analysis of low-density parity-check erasure codes for wide-area storage applications},
  author={Plank, James S and Thomason, Michael G},
  booktitle={International Conference on Dependable Systems and Networks, 2004},
  pages={115--124},
  year={2004},
  organization={IEEE}
}


@article{bloemer1995xor,
  title={An XOR-based erasure-resilient coding scheme},
  author={Bloemer, Johannes and Kalfane, Malik and Karp, Richard and Karpinski, Marek and Luby, Michael and Zuckerman, David},
  year={1995},
  publisher={Citeseer}
}

@article{blaum1999lowest,
  title={On lowest density MDS codes},
  author={Blaum, Mario and Roth, Ron M},
  journal={IEEE Transactions on Information Theory},
  volume={45},
  number={1},
  pages={46--59},
  year={1999},
  publisher={IEEE}
}

@inproceedings{corbett2004row,
  title={Row-diagonal parity for double disk failure correction},
  author={Corbett, Peter and English, Bob and Goel, Atul and Grcanac, Tomislav and Kleiman, Steven and Leong, James and Sankar, Sunitha},
  booktitle={Proceedings of the 3rd USENIX Conference on File and Storage Technologies},
  pages={1--14},
  year={2004},
  organization={USENIX Association Berkeley, CA, USA}
}

@article{cassuto2009cyclic,
  title={Cyclic lowest density MDS array codes},
  author={Cassuto, Yuval and Bruck, Jehoshua},
  journal={IEEE Transactions on Information Theory},
  volume={55},
  number={4},
  pages={1721--1729},
  year={2009},
  publisher={IEEE}
}


@article{ziv1977universal,
  title={A universal algorithm for sequential data compression},
  author={Ziv, Jacob and Lempel, Abraham},
  journal={IEEE Transactions on information theory},
  volume={23},
  number={3},
  pages={337--343},
  year={1977},
  publisher={IEEE}
}

@article{ziv1978compression,
  title={Compression of individual sequences via variable-rate coding},
  author={Ziv, Jacob and Lempel, Abraham},
  journal={IEEE transactions on Information Theory},
  volume={24},
  number={5},
  pages={530--536},
  year={1978},
  publisher={IEEE}
}

@techreport{deutsch1996deflate,
  title={DEFLATE compressed data format specification version 1.3},
  author={Deutsch, Peter},
  year={1996}
}

@inproceedings{krish2014hats,
  title={hats: A heterogeneity-aware tiered storage for hadoop},
  author={Krish, KR and Anwar, Ali and Butt, Ali R},
  booktitle={2014 14th IEEE/ACM International Symposium on Cluster, Cloud and Grid Computing},
  pages={502--511},
  year={2014},
  organization={IEEE}
}

@inproceedings{wang2014balancing,
  title={Balancing Fairness and Efficiency in Tiered Storage Systems with Bottleneck-Aware Allocation},
  author={Wang, Hui and Varman, Peter},
  booktitle={Proceedings of the 12th USENIX Conference on File and Storage Technologies (FAST 14)},
  pages={229--242},
  year={2014}
}

@inproceedings{zhang2010automated,
  title={Automated lookahead data migration in SSD-enabled multi-tiered storage systems},
  author={Zhang, Gong and Chiu, Lawrence and Dickey, Clem and Liu, Ling and Muench, Paul and Seshadri, Sangeetha},
  booktitle={2010 IEEE 26th Symposium on Mass Storage Systems and Technologies (MSST)},
  pages={1--6},
  year={2010},
  organization={IEEE}
}

@inproceedings{udipi2012lot,
  title={LOT-ECC: localized and tiered reliability mechanisms for commodity memory systems},
  author={Udipi, Aniruddha N and Muralimanohar, Naveen and Balsubramonian, Rajeev and Davis, Al and Jouppi, Norman P},
  booktitle={ACM SIGARCH Computer Architecture News},
  volume={40},
  number={3},
  pages={285--296},
  year={2012},
  organization={IEEE Computer Society}
}


@article{RS,
  title={Polynomial codes over certain finite fields},
  author={Reed, Irving S and Solomon, Gustave},
  journal={Journal of the society for industrial and applied mathematics},
  volume={8},
  number={2},
  pages={300--304},
  year={1960},
  publisher={SIAM}
}

@inproceedings{LRC,
  title={Erasure coding in windows azure storage},
  author={Huang, Cheng and Simitci, Huseyin and Xu, Yikang and Ogus, Aaron and Calder, Brad and Gopalan, Parikshit and Li, Jin and Yekhanin, Sergey},
  booktitle={the 2012 USENIX Annual Technical Conference (USENIX ATC 12)},
  pages={15--26},
  year={2012}
}

@article{EVENODD,
  title={EVENODD: An efficient scheme for tolerating double disk failures in RAID architectures},
  author={Blaum, Mario and Brady, Jim and Bruck, Jehoshua and Menon, Jai},
  journal={IEEE Transactions on computers},
  volume={44},
  number={2},
  pages={192--202},
  year={1995},
  publisher={IEEE}
}

@inproceedings{PCode,
title={{P-Code}: A new {RAID-6} code with optimal properties},
author={Jin, Chao and Jiang, Hong and Feng, Dan and Tian, Lei},
booktitle={Proc. of the ICS'09},
year={2009},
month={June},
address={Yorktown Heights, NY}
}

@inproceedings{niklaus2018context,
  title={Context-aware synthesis for video frame interpolation},
  author={Niklaus, Simon and Liu, Feng},
  booktitle={Proceedings of the IEEE Conference on Computer Vision and Pattern Recognition},
  pages={1701--1710},
  year={2018}
}

@article{sampson2014approximate,
  title={Approximate storage in solid-state memories},
  author={Sampson, Adrian and Nelson, Jacob and Strauss, Karin and Ceze, Luis},
  journal={ACM Transactions on Computer Systems (TOCS)},
  volume={32},
  number={3},
  pages={9},
  year={2014},
  publisher={ACM}
}

@inproceedings{ranjan2015approximate,
  title={Approximate storage for energy efficient spintronic memories},
  author={Ranjan, Ashish and Venkataramani, Swagath and Fong, Xuanyao and Roy, Kaushik and Raghunathan, Anand},
  booktitle={2015 52nd ACM/EDAC/IEEE Design Automation Conference (DAC)},
  pages={1--6},
  year={2015},
  organization={IEEE}
}

@Inproceedings{RAID,
author={D. Patterson and others},
title={A Case for {Redundant} {Arrays} of {Inexpensive} {Disks} ({RAID})},
booktitle={Proc. of the SIGMOD'88},
year={2008}
}

@inproceedings{meyer2015phase,
  title={Phase-based frame interpolation for video},
  author={Meyer, Simone and Wang, Oliver and Zimmer, Henning and Grosse, Max and Sorkine-Hornung, Alexander},
  booktitle={Proceedings of the IEEE conference on computer vision and pattern recognition},
  pages={1410--1418},
  year={2015}
}

@inproceedings{bermudez2013exploring,
  title={Exploring the cloud from passive measurements: The Amazon AWS case},
  author={Bermudez, Ignacio and Traverso, Stefano and Mellia, Marco and Munafo, Maurizio},
  booktitle={2013 Proceedings IEEE INFOCOM},
  pages={230--234},
  year={2013},
  organization={IEEE}
}

@inproceedings{calder2011windows,
  title={Windows Azure Storage: a highly available cloud storage service with strong consistency},
  author={Calder, Brad and Wang, Ju and Ogus, Aaron and Nilakantan, Niranjan and Skjolsvold, Arild and McKelvie, Sam and Xu, Yikang and Srivastav, Shashwat and Wu, Jiesheng and Simitci, Huseyin and others},
  booktitle={Proceedings of the Twenty-Third ACM Symposium on Operating Systems Principles},
  pages={143--157},
  year={2011},
  organization={ACM}
}

@Inproceedings{XORing,
author={Sathiamoorthy, Maheswaran and Asteris, Megasthenis and Papailiopoulos, Dimitris and Dimakis, Alexandros and Vadali, Ramkumar and Chen, Scott and Borthakur, Dhruba},
title={{XORing} elephants: Novel erasure codes for big data},
booktitle={Proceedings of the VLDB Endowment},
volume={6},
number={5},
pages={325--336},
year={2013},
organization={VLDB Endowment}}

@misc{TPtech,
title={Triple parity technique for enabling efficient recovery from triple failures in a storage array},
author={Corbett, Peter and Goel, Atul},
year={2011},
publisher={Google Patents},
note={{US} Patent 8,015,472}
}

@inproceedings{Pyramid,
title={Pyramid codes: Flexible schemes to trade space for access efficiency in reliable data storage systems},
author={Huang, Cheng and Chen, Minghua and Li, Jin},
booktitle={Network Computing and Applications, 2007 NCA'07. Sixth IEEE International Symposium on},
pages={79--86},
year={2007},
organization={IEEE}
}

@inproceedings{TCode,
title={A New Class of Highly Fault Tolerant Erasure Code for the Disk Array},
author={Tang, Dan and Wang, Xiaojing and Cao, Sheng and Chen, Zheng},
booktitle={Workshop on Power Electronics and Intelligent Transportation System, PEITS'08},
pages={578--581},
organization={IEEE},
year={2008}
}

@Inproceedings{HoVer,
author={Hafner, James},
title={{HoVer} Erasure Codes For Disk Arrays},
booktitle={Proceedings of the 5th USENIX Conference on File and Storage Technologies},
pages={217--226},
year={2006}
}

@Inproceedings{WEAVER,
author={Hafner, James},
title={{WEAVER} Codes: Highly Fault Tolerant Erasure Codes for Storage Systems},
booktitle={Proceedings of the 4th USENIX Conference on File and Storage Technologies},
volume={5},
pages={16--16},
year={2005}
}


@Article{RSL,
author = {Feng, Gui Liang and Deng, Robert and Bao, Feng and Shen, J C},
title = {New efficient {MDS} array codes for {RAID} Part {I}: {Reed-Solomon-like} codes for tolerating three disk failures},
year = {2005},
journal = { IEEE Transactions on Computers},
volume= {54},
number= {9},
pages= {1071--1080}
}

@inproceedings{HDD,
title={Efficient parity placement schemes for tolerating triple disk failures in {RAID} architectures},
author={C. Tau and T. Wang},
booktitle={Proc. of the AINA'03},
month={March},
address={Xi'an, China},
year={2003}
}

@TechReport{CRS,
author = {Bloemer, Johannes and Kalfane, Malik and Karp, Richard and Karpinski, Marek and Luby, Michael and Zuckerman, David},
title={An {XOR}-based Erasure-Resilient coding scheme},
number = {TR-95-048},
institution ={International Computer Science Institute},
month = {August},
year = {1995}
}

@article{TripleStar,
title={{Triple-Star}: A Coding Scheme with Optimal Encoding Complexity for Tolerating Triple Disk Failures in {RAID}},
author={Y. Wang and G. Li and X. Zhong},
journal={International Journal of Innovative Computing, Information and Control},
volume={8},
number={3},
pages={1731--1472},
year={2012}
}

@Inproceedings{Code-M,
author={S. Wan and others},
title={{Code-M}: A {Non-MDS} Erasure Code Scheme to Support Fast Recovery from up to Two-Disk Failures in Storage Systems},
booktitle={Proc. of the DSN'10}
}

@inproceedings{HVCode,
title={{HV} Code: An All-Around MDS Code to Improve Efficiency and Reliability of {RAID-6} Systems},
author={Shen, Zhirong and Shu, Jiwu},
booktitle={Proc. of the IEEE/IFIP DSN'14},
month={June},
year={2014},
address={Atlanta, GA}
}

@Article{Cyclic,
author = {Cassuto, Yuval and Bruck, Jehoshua},
title = {Cyclic Lowest Density {MDS} Array Codes},
year = {2009},
journal={ IEEE Transactions on Information Theory},
volume= {55},
number= {4},
pages= {1721--1729}
}

@Article{BCode,
author = {Xu, Lihao and Bohossian, Vasken and Bruck, Jehoshua and Wagner, David},
title = {{Low-Density} {MDS} Codes and Factors of Complete Graphs},
year = {1999},
journal = { IEEE Transactions on Information Theory},
volume= {45},
number= {6},
pages= {1817--1826}
}

@Article{BlaumRoth,
author = {Blaum, Mario and Roth, Ron},
title = {On Lowest Density {MDS} Codes},
year = {1999},
journal = { IEEE Transactions on Information Theory},
volume= {45},
number= {1},
pages= {46--59}
}

@Inproceedings{Liberation,
author={J. Plank},
title={The {RAID-6} Liberation Codes},
booktitle={Proc. of the USENIX FAST'08},
month={February},
year={2008},
address={San Jose, CA}
}

@inproceedings{Liber8tion,
author={J. Plank},
title={A new minimum density {RAID}-6 code with a word size of eight},
booktitle={Proc. of the IEEE NCA'08},
month={July},
year={2008},
address={Cambridge, MA}
}


@Article{XCode,
author = {Xu, Lihao and Bruck, Jehoshua},
title = {{X-Code}: {MDS} Array Codes with Optimal Encoding},
journal={IEEE Transactions on Information Theory},
volume={45},
number={1},
pages={272--276},
year={1999}
}

@inproceedings{hcode,
author = {Wu, Chentao and Wan, Shenggang and He, Xubin and Cao, Qiang and Xie, Changsheng},
year = {2011},
month = {05},
pages = {782-793},
title = {H-Code: A hybrid MDS array code to optimize partial stripe writes in RAID-6},
doi = {10.1109/IPDPS.2011.78}
}

@Inproceedings{RDP,
author={Corbett, Peter and English, Bob and Goel, Atul and Grcanac, Tomislav and Kleiman, Steven and Leong, James and Sankar, Sunitha},
title={{Row-Diagonal} {Parity} for Double Disk Failure Correction},
booktitle={Proc. of the USENIX FAST'04},
month={March},
year={2004},
address={San Francisco, CA}
}



@article{STAR,
  title={STAR: An efficient coding scheme for correcting triple storage node failures},
  author={Huang, Cheng and Xu, Lihao},
  journal={IEEE Transactions on Computers},
  volume={57},
  number={7},
  pages={889--901},
  year={2008},
  publisher={IEEE}
}


@inproceedings{TIP,
  title={Tip-code: A three independent parity code to tolerate triple disk failures with optimal update complextiy},
  author={Zhang, Yongzhe and Wu, Chentao and Li, Jie and Guo, Minyi},
  booktitle={2015 45th Annual IEEE/IFIP International Conference on Dependable Systems and Networks},
  pages={136--147},
  year={2015},
  organization={IEEE}
}

@article{youtube8m,
  title={Youtube-8m: A large-scale video classification benchmark},
  author={Abu-El-Haija, Sami and Kothari, Nisarg and Lee, Joonseok and Natsev, Paul and Toderici, George and Varadarajan, Balakrishnan and Vijayanarasimhan, Sudheendra},
  journal={arXiv preprint arXiv:1609.08675},
  year={2016}
}

@inproceedings{zhao2017approximate,
  title={Approximate image storage with multi-level cell STT-MRAM main memory},
  author={Zhao, Hengyu and Xue, Linuo and Chi, Ping and Zhao, Jishen},
  booktitle={2017 IEEE/ACM International Conference on Computer-Aided Design (ICCAD)},
  pages={268--275},
  year={2017},
  organization={IEEE}
}


@inproceedings{jevdjic2017approximate,
  title={Approximate storage of compressed and encrypted videos},
  author={Jevdjic, Djordje and Strauss, Karin and Ceze, Luis and Malvar, Henrique S},
  booktitle={ACM SIGARCH Computer Architecture News},
  volume={45},
  number={1},
  pages={361--373},
  year={2017},
  organization={ACM}
}

@inproceedings{wu2012sdm,
  title={SDM: A stripe-based data migration scheme to improve the scalability of RAID-6},
  author={Wu, Chentao and He, Xubin and Han, Jizhong and Tan, Huailiang and Xie, Changsheng},
  booktitle={2012 IEEE International Conference on Cluster Computing},
  pages={284--292},
  year={2012},
  organization={IEEE}
}

@inproceedings{jiang2016bdr,
  title={BDR: A Balanced Data Redistribution scheme to accelerate the scaling process of XOR-based Triple Disk Failure Tolerant arrays},
  author={Jiang, Yanbing and Wu, Chentao and Li, Jie and Guo, Minyi},
  booktitle={2016 IEEE 34th International Conference on Computer Design (ICCD)},
  pages={72--79},
  year={2016},
  organization={IEEE}
}

@inproceedings{menon1995performance,
  title={A performance comparison of RAID-5 and log-structured arrays},
  author={Menon, Jai},
  booktitle={Proceedings of the Fourth IEEE International Symposium on High Performance Distributed Computing},
  pages={167--178},
  year={1995},
  organization={IEEE}
}

@inproceedings{AZ-code,
title={AZ-Code: An Efficient Availability Zone Level Erasure Code to Provide High Fault Tolerance in Cloud Storage Systems},
author={Xie, Xin and Wu, Chentao and Gu, Junqing and Qiu, Han and Li, Jie and Guo, Minyi and He, Xuebin and Dong, Yuanyuan and Zhao, Yafei},
booktitle={The 35th International Conference on Massive Storage Systems and Technology (MSST 2019)},
year={2019},
organization={IEEE}
}

@inproceedings{Optimizing2019,
title={Optimizing the Parity-Check Matrix for Efficient Decoding of RS-based Cloud Storage Systems},
author={Gu, Junqing and Xie, Xin and Qiu, Han and Li, Jie and Guo, Minyi and He, Xubin},
booktitle={The 35th International Conference on Massive Storage Systems and Technology (MSST 2019)},
year={2019},
organization={IEEE}
}

@inproceedings{PCM,
  title={PCM: A Parity-check Matrix Based Approach to Improve Decoding Performance of XOR-based Erasure Codes},
  author={Zhang, Yongzhe and Wu, Chentao and Li, Jie and Guo, Minyi},
  booktitle={The 34th International Symposium on Reliable Distributed Systems (SRDS 2015)},
  year={2015},
  organization={IEEE}
}


@inproceedings{APCM,
  title={Optimizing the Parity-Check Matrix for Efficient Decoding of RS-based Cloud Storage Systems},
  author={Gu, Junqing and Wu, Chentao and Xie, Xin and Qiu, Han and Li, Jie and Guo, Minyi and He, Xubin and Dong, Yuanyuan and Zhao, Yafei},
  booktitle={The 32nd IEEE International Parallel \& Distributed Processing Symposium (IPDPS 2019)},
  year={2019},
  organization={IEEE}
}